<record><leader>00000cas a2200000 a 4500</leader><controlfield tag="001">15353376</controlfield><controlfield tag="008">870323d19531979ohudn ne      0    0eng d</controlfield><datafield ind1=" " ind2=" " tag="010"><subfield code="a">sn 87060143 </subfield></datafield><datafield ind1=" " ind2=" " tag="040"><subfield code="a">KNP</subfield><subfield code="b">eng</subfield><subfield code="c">KNP</subfield><subfield code="d">ONP</subfield><subfield code="d">KNP</subfield><subfield code="d">OCL</subfield><subfield code="d">OCLCQ</subfield></datafield><datafield ind1=" " ind2=" " tag="042"><subfield code="a">msc</subfield></datafield><datafield ind1="0" ind2=" " tag="130"><subfield code="a">Xenia daily gazette (Xenia, Ohio : 1953)</subfield></datafield><datafield ind1="1" ind2="0" tag="245"><subfield code="a">Xenia daily gazette.</subfield></datafield><datafield ind1=" " ind2=" " tag="260"><subfield code="a">Xenia, Ohio :</subfield><subfield code="b">Chew Pub. Co.,</subfield><subfield code="c">1953-1979.</subfield></datafield><datafield ind1=" " ind2=" " tag="300"><subfield code="a">v. :</subfield><subfield code="b">ill.</subfield></datafield><datafield ind1=" " ind2=" " tag="310"><subfield code="a">Daily (except Sun.)</subfield></datafield><datafield ind1="0" ind2=" " tag="362"><subfield code="a">Vol. 72, no. 138 (June 10, 1953)-111th year, no. 224 (Aug. 22, 1979).</subfield></datafield><datafield ind1=" " ind2="4" tag="651"><subfield code="a">Xenia (Ohio)</subfield><subfield code="v">Newspapers.</subfield></datafield><datafield ind1=" " ind2=" " tag="752"><subfield code="a">United States</subfield><subfield code="b">Ohio</subfield><subfield code="c">Greene</subfield><subfield code="d">Xenia.</subfield></datafield><datafield ind1="0" ind2="0" tag="780"><subfield code="t">Evening gazette (Xenia, Ohio)</subfield><subfield code="w">(DLC)sn 88077037</subfield></datafield><datafield ind1="0" ind2="0" tag="785"><subfield code="t">Daily gazette (Xenia, Ohio)</subfield><subfield code="w">(DLC)sn 84007590</subfield></datafield><datafield ind1="1" ind2=" " tag="029"><subfield code="a">AU@</subfield><subfield code="b">000020441707</subfield></datafield></record>